@INPROCEEDINGS{Barthe07,
    author = {Gilles Barthe and Tamara Rezk and Alejandro Russo Russo and Andrei Sabelfeld},
    title = {Security of multithreaded programs by compilation},
    booktitle = {In Proc. 12th European Symposium on Research in Computer Security},
    year = {2007},
    pages = {2--18},
    publisher = {Springer-Verlag}
}
