@MISC{Barthe09,
    author = {Gilles Barthe and Tamara Rezk and Alejandro Russo and Andrei Sabelfeld},
    title = {Security of multithreaded programs by compilation},
    year = 2009,
    howpublished = {\url{http://www.cse.chalmers.se/~russo/tissecfull.pdf}}
}


@INPROCEEDINGS{Barthe07,
    author = {Gilles Barthe and Tamara Rezk and Alejandro Russo and Andrei Sabelfeld},
    title = {Security of multithreaded programs by compilation},
    booktitle = {In Proc. 12th European Symposium on Research in Computer Security},
    year = {2007},
    pages = {2--18},
    publisher = {Springer-Verlag}
}

@INPROCEEDINGS{Barthe06,
    author = {Gilles Barthe and David Naumann and Tamara Rezk},
    title = {Deriving an information flow checker and certifying compiler for java},
    booktitle = {In 27th IEEE Symposium on Security and Privacy},
    year = {2006},
    pages = {230--242},
    publisher = {IEEE Press}
}

@INPROCEEDINGS{SmithVolpano1998,
    author = {G. Smith and D. Volpano},
    title = {Secure information flow in a multi-threaded imperative language},
    booktitle = {ACM Symp. on Principles of Programming Languages},
    year = {1998},
    pages = {355--364}
}

@INPROCEEDINGS{SmithVolpano1999,
    author = {G. Smith and D. Volpano},
    title = {Probalistic noninterference in a concurrent language},
    booktitle = {J. Computer Security 7},
    year = {1999},
    pages = {231--253}
}

@INPROCEEDINGS{SmithVolpano1996,
    author = {G. Smith and D. Volpano},
    title = {A sound type system for secure flow analysis},
    booktitle = {J. Computer Security 4},
    year = {1996},
    pages = {167--187}
}

@INPROCEEDINGS{RussoSabelfeld2006,
    author = {Alejandro Russo and Andrei Sabelfeld},
    title = {Securing interaction between threads and the scheduler},
    booktitle = {IEEE Computer Security Foundations Symposium},
    year = {2006},
    pages = {177-189}
}

@INPROCEEDINGS{Zdancewic,
    author = {Steve Zdancewic and Andrew C. Myers},
    title = {Observational Determinism for Concurrent Program Security},
    booktitle = {In Proc. 16th IEEE Computer Security Foundations Workshop},
    year = {2003},
    pages = {29--43}
}
